<?xml version="1.0" encoding="UTF-8"?><collection xmlns="http://www.loc.gov/MARC21/slim"><record><leader>00471nam--2200169-i-4500</leader><controlfield tag="001">000009990</controlfield><controlfield tag="002">20161230</controlfield><controlfield tag="005">20161230201028</controlfield><controlfield tag="008">060222s1000------------r-----000-0-eng-d</controlfield><datafield ind1=" " ind2=" " tag="040"><subfield code="a">IFIN-HH</subfield></datafield><datafield ind1=" " ind2=" " tag="080"><subfield code="a">53.088:519.25</subfield></datafield><datafield ind1="1" ind2=" " tag="100"><subfield code="a">Barford, N.C</subfield></datafield><datafield ind1="1" ind2="0" tag="245"><subfield code="a">Experimental measurements: precision, error and truth</subfield><subfield code="c">Barford, n.c</subfield></datafield><datafield ind1=" " ind2=" " tag="260"><subfield code="a">London</subfield><subfield code="b">Addison-wesley Publ. Comp.,Inc</subfield><subfield code="c">1969</subfield></datafield><datafield ind1=" " ind2=" " tag="300"><subfield code="a">XI + 143 P</subfield></datafield><datafield ind1=" " ind2=" " tag="852"><subfield code="a">36022</subfield><subfield code="c">53.08</subfield></datafield><datafield ind1=" " ind2=" " tag="CAT"><subfield code="a">Sys</subfield><subfield code="c">20151029</subfield><subfield code="h">095547</subfield></datafield></record></collection>